@article{DBLP:journals/tase/KhanoucheACKY16,
  author    = {Mohamed Essaid Khanouche and
               Yacine Amirat and
               Abdelghani Chibani and
               Moussa Kerkar and
               Ali Yachir},
  title     = {Energy-Centered and QoS-Aware Services Selection for Internet of Things},
  journal   = {{IEEE} Trans. Automation Science and Engineering},
  volume    = {13},
  number    = {3},
  pages     = {1256--1269},
  year      = {2016},
  }

@article{journals/ws/CardosoSMAK04,
  author = {Cardoso, Jorge S. and Sheth, Amit P. and Miller, John A. and Arnold, Jonathan and Kochut, Krys},
  ee = {http://dx.doi.org/10.1016/j.websem.2004.03.001},
  interhash = {d01c3582e3556d943953769a96c8d994},
  intrahash = {5bedb01b9bd78216174f2ed36a2e3721},
  journal = {J. Web Sem.},
  number = 3,
  pages = {281-308},
  title = {Quality of service for workflows and web service processes.},
  volume = 1,
  year = 2004
  }
  
  @article{Flinn:1999:EAM:319344.319155,
 author = {Flinn, Jason and Satyanarayanan, M.},
 title = {Energy-aware Adaptation for Mobile Applications},
 journal = {SIGOPS Oper. Syst. Rev.},
 issue_date = {Dec. 1999},
 volume = {33},
 number = {5},
 month = dec,
 year = {1999},
 pages = {48--63},
 publisher = {ACM},
 address = {New York, NY, USA},
} 

@Inbook{Wang2010,
author="Wang, Hongbing
and Zhou, Xuan
and Zhou, Xiang
and Liu, Weihong
and Li, Wenya
and Bouguettaya, Athman",
title="Adaptive Service Composition Based on Reinforcement Learning",
bookTitle="Service-Oriented Computing: 8th International Conference, ICSOC 2010, San Francisco, CA, USA, December 7-10, 2010. Proceedings",
year="2010",
publisher="Springer Berlin Heidelberg",
pages="92--107"
}

@book{Puterman:1994:MDP:528623,
 author = {Puterman, Martin L.},
 title = {Markov Decision Processes: Discrete Stochastic Dynamic Programming},
 year = {1994},
 isbn = {0471619779},
 edition = {1st},
 publisher = {John Wiley \& Sons, Inc.},
 address = {New York, NY, USA},
} 
@inproceedings{DBLP:conf/ijcnn/AlizadehCL16,
  author    = {Pegah Alizadeh and
               Yann Chevaleyre and
               Fran{\c{c}}ois L{\'{e}}vy},
  title     = {Advantage based value iteration for Markov decision processes with
               unknown rewards},
  booktitle = {2016 International Joint Conference on Neural Networks, {IJCNN} 2016,
               Vancouver, BC, Canada, July 24-29, 2016},
  pages     = {3837--3844},
  year      = {2016}
}

@inproceedings{DBLP:conf/icsoc/MoustafaZ13,
  author    = {Ahmed Moustafa and
               Minjie Zhang},
  title     = {Multi-Objective Service Composition Using Reinforcement Learning},
  booktitle = {Service-Oriented Computing - 11th International Conference, {ICSOC}
               2013, Berlin, Germany, December 2-5, 2013, Proceedings},
  pages     = {298--312},
  year      = {2013}
}

@inproceedings{weng:hal-00942290,
  TITLE = {{Interactive Value Iteration for Markov Decision Processes with Unknown Rewards}},
  AUTHOR = {Weng, Paul and Zanuttini, Bruno},
  URL = {https://hal.archives-ouvertes.fr/hal-00942290},
  BOOKTITLE = {{IJCAI '13 - Twenty-Third international joint conference on Artificial Intelligence}},
  ADDRESS = {Beijing, China},
  PUBLISHER = {{AAAI Press}},
  PAGES = {2415-2421},
  YEAR = {2013},
  MONTH = Aug
}
